%STARTBIBTEX{abstracts="on" keywords="on"}%
@article{hlw07,
  author       = {Chris Hagmann and David Lange and Douglass Wright}, 
  title        = {Cosmic-ray shower generator (CRY) for Monte Carlo transport codes},
  journal    = {IEEE},
  year         = 2007,
  pages        = 1143,
  address      = {Washington, DC}
}
%STOPBIBTEX%